<record><leader>00000cas a22000007a 4500</leader><controlfield tag="001">32172399</controlfield><controlfield tag="008">950320d19271986nyuwr ne      0    0eng d</controlfield><datafield ind1=" " ind2=" " tag="010"><subfield code="a">sn 95071148 </subfield></datafield><datafield ind1=" " ind2=" " tag="040"><subfield code="a">NYS</subfield><subfield code="b">eng</subfield><subfield code="c">NYS</subfield><subfield code="d">OCLCQ</subfield></datafield><datafield ind1=" " ind2=" " tag="042"><subfield code="a">msc</subfield></datafield><datafield ind1="0" ind2="0" tag="245"><subfield code="a">Manhasset mail.</subfield></datafield><datafield ind1="3" ind2="0" tag="246"><subfield code="a">Manhasset mail and North Shore advertiser</subfield></datafield><datafield ind1="1" ind2="3" tag="246"><subfield code="a">North Shore advertiser</subfield></datafield><datafield ind1="1" ind2="3" tag="246"><subfield code="a">Port Washington mail &amp; reporter</subfield><subfield code="f">1986</subfield></datafield><datafield ind1=" " ind2=" " tag="260"><subfield code="a">Manhasset, N.Y. :</subfield><subfield code="b">Donald Couper</subfield></datafield><datafield ind1=" " ind2=" " tag="300"><subfield code="a">v.</subfield></datafield><datafield ind1=" " ind2=" " tag="310"><subfield code="a">Weekly</subfield></datafield><datafield ind1="0" ind2=" " tag="362"><subfield code="a">Vol. 1, no. 1 (July 8, 1927)-</subfield></datafield><datafield ind1="1" ind2=" " tag="362"><subfield code="a">Ceased in Dec. 1986.</subfield></datafield><datafield ind1=" " ind2=" " tag="500"><subfield code="a">Published as: Manhasset mail and North Shore advertiser, &lt;Apr. 1-8, 1943&gt;.</subfield></datafield><datafield ind1=" " ind2=" " tag="500"><subfield code="a">Publishers: Donald Couper, &lt;1928&gt;; James DeGraff Carr, &lt;1982&gt;; Ilsland Media Group, &lt;1986&gt;.</subfield></datafield><datafield ind1=" " ind2=" " tag="500"><subfield code="a">Editors: Donald Couper, &lt;1928&gt;; Steve Bernheim, &lt;1986&gt;.</subfield></datafield><datafield ind1=" " ind2=" " tag="500"><subfield code="a">"Official newspaper for the villages of North Hills, Munsey Park," &lt;1931&gt;.</subfield></datafield><datafield ind1=" " ind2=" " tag="500"><subfield code="a">"Official paper for North Hills, Plandome Manor, Munsey Park, Flower Hill, Plandome Village, Plandome Heights," &lt;1943-1945&gt;.</subfield></datafield><datafield ind1=" " ind2=" " tag="500"><subfield code="a">"Official paper for Munsey Park, Fower Hill, North Hills, North Hempstead, Plandome Village, Plandme Heights, Plandome Manor," &lt;1950&gt;.</subfield></datafield><datafield ind1=" " ind2="4" tag="651"><subfield code="a">Manhasset (N.Y.)</subfield><subfield code="v">Newspapers.</subfield></datafield><datafield ind1=" " ind2="4" tag="651"><subfield code="a">North Hills (N.Y.)</subfield><subfield code="v">Newspapers.</subfield></datafield><datafield ind1=" " ind2="4" tag="651"><subfield code="a">Munsey Park (N.Y.)</subfield><subfield code="v">Newspapers.</subfield></datafield><datafield ind1=" " ind2="4" tag="651"><subfield code="a">Plandome Manor (N.Y.)</subfield><subfield code="x">Newspapers</subfield><subfield code="y">&lt;1943-1950&gt;</subfield></datafield><datafield ind1=" " ind2="4" tag="651"><subfield code="a">Plandome Village (N.Y.)</subfield><subfield code="x">Newspapers</subfield><subfield code="y">&lt;1943-1950&gt;</subfield></datafield><datafield ind1=" " ind2="4" tag="651"><subfield code="a">Plandome Heights (N.Y.)</subfield><subfield code="x">Newspapers</subfield><subfield code="y">&lt;1943-1950&gt;</subfield></datafield><datafield ind1=" " ind2="4" tag="651"><subfield code="a">Flower Hill (N.Y.)</subfield><subfield code="x">Newspapers</subfield><subfield code="y">&lt;1943-1950&gt;</subfield></datafield><datafield ind1=" " ind2="4" tag="651"><subfield code="a">Nassau County (N.Y.)</subfield><subfield code="v">Newspapers.</subfield></datafield><datafield ind1=" " ind2=" " tag="752"><subfield code="a">United States</subfield><subfield code="b">New York</subfield><subfield code="c">Nassau</subfield><subfield code="d">Manhasset.</subfield></datafield><datafield ind1="0" ind2="4" tag="785"><subfield code="t">Manhasset press</subfield><subfield code="w">(DLC)sn 95071155</subfield><subfield code="w">(OCoLC)32172211</subfield></datafield><datafield ind1="1" ind2=" " tag="029"><subfield code="a">AU@</subfield><subfield code="b">000011738099</subfield></datafield></record>